
@book{knuth97,
  added-at = {2015-06-04T07:09:07.000+0200},
  address = {Reading, Mass.},
  author = {Knuth, Donald E.},
  biburl = {https://www.bibsonomy.org/bibtex/296a2ce8070028e53a72f4b1d64d467a5/ytyoun},
  edition = {Third},
  interhash = {bb4a4a475ed6fc749f4863d5fa9bb651},
  intrahash = {96a2ce8070028e53a72f4b1d64d467a5},
  isbn = {0201896834 9780201896831},
  keywords = {algorithm knuth no.pdf taocp textbook},
  publisher = {Addison-Wesley},
  refid = {872287313},
  timestamp = {2015-07-29T09:31:31.000+0200},
  title = {The Art of Computer Programming, Vol. 1: Fundamental Algorithms},
  year = 1997
}


@book{texbook,
  author = {Donald E. Knuth},
  year = {1986},
  title = {The \TeX{} Book},
  publisher = {Addison-Wesley Professional}
}

@book{latex:companion,
  author = {Frank Mittelbach and Michel Gossens
            and Johannes Braams and David Carlisle
            and Chris Rowley},
  year = {2004},
  title = {The \LaTeX{} Companion},
  publisher = {Addison-Wesley Professional},
  edition = {2}
}

@book{latex2e,
  author = {Leslie Lamport},
  year = {1994},
  title = {\LaTeX: a Document Preparation System},
  publisher = {Addison Wesley},
  address = {Massachusetts},
  edition = {2}
}

@article{knuth:1984,
  title={Literate Programming},
  author={Donald E. Knuth},
  journal={The Computer Journal},
  volume={27},
  number={2},
  pages={97--111},
  year={1984},
  publisher={Oxford University Press}
}

@inproceedings{lesk:1977,
  title={Computer Typesetting of Technical Journals on {UNIX}},
  author={Michael Lesk and Brian Kernighan},
  booktitle={Proceedings of American Federation of
             Information Processing Societies: 1977
             National Computer Conference},
  pages={879--888},
  year={1977},
  address={Dallas, Texas}
}


%% URL
@misc{Kernel:GitHub,
  title = {Linux Kernel},
  author = {Linus Torvalds},
  howpublished = {\url{https://github.com/torvalds/linux}},
  note = {Accessed: 2019-03-15}
}
